<collection xmlns="http://www.loc.gov/MARC21/slim">
<record>
  <leader>01479nam0a22002771i 450 </leader>
  <controlfield tag="001">IT\ICCU\CNCE\051297</controlfield>
  <controlfield tag="005">20001215000000.0</controlfield>
  <datafield tag="012" ind1=" " ind2=" ">
    <subfield code="a">e.a- *-** **** aldi (3) 1591 (R)</subfield>
    <subfield code="2">fei</subfield>
  </datafield>
  <datafield tag="100" ind1=" " ind2=" ">
    <subfield code="a">20001213d1591        0itac0103    ba</subfield>
  </datafield>
  <datafield tag="101" ind1=" " ind2=" ">
    <subfield code="a">LAT</subfield>
    <subfield code="a">GRC</subfield>
  </datafield>
  <datafield tag="102" ind1=" " ind2=" ">
    <subfield code="a">IT</subfield>
  </datafield>
  <datafield tag="200" ind1="1" ind2=" ">
    <subfield code="a">℗Isocratis ℗Orationes tres, cum interpretatione Latina, ad verbum addita, ad discentium vtilitatem. Ad Demonicum, de moribus adolescentium. Ad Nicoclem Cypri regem, de principum institutione. Nicocles, de principum &amp; subditorum officio</subfield>
  </datafield>
  <datafield tag="210" ind1=" " ind2=" ">
    <subfield code="a">\Venezia</subfield>
    <subfield code="c">eredi Varisco &amp; soci!</subfield>
    <subfield code="e">Venetiis</subfield>
    <subfield code="g">apud haeredes Ioannis Varisci</subfield>
    <subfield code="h">&amp; Paganinum de Paganinis</subfield>
    <subfield code="h">1591</subfield>
  </datafield>
  <datafield tag="215" ind1=" " ind2=" ">
    <subfield code="a">52 c.</subfield>
    <subfield code="d"></subfield>
  </datafield>
  <datafield tag="300" ind1=" " ind2=" ">
    <subfield code="a"></subfield>
  </datafield>
  <datafield tag="620" ind1=" " ind2=" ">
    <subfield code="a">IT</subfield>
    <subfield code="d">Venezia</subfield>
  </datafield>
  <datafield tag="700" ind1=" " ind2="0">
    <subfield code="a">Isocrates</subfield>
    <subfield code="3">IT\ICCU\CNCA\005015</subfield>
  </datafield>
  <datafield tag="712" ind1="0" ind2="0">
    <subfield code="a">Varisco, Giovanni - eredi &amp; Paganini, Paganino &lt;2.&gt;</subfield>
    <subfield code="3">IT\ICCU\CNCT\001812</subfield>
    <subfield code="4">650</subfield>
  </datafield>
  <datafield tag="790" ind1=" " ind2="0">
    <subfield code="a">Isokrates</subfield>
    <subfield code="3">IT\ICCU\CNCA\020255</subfield>
    <subfield code="z">Isocrates</subfield>
  </datafield>
  <datafield tag="790" ind1=" " ind2="0">
    <subfield code="a">Isocrate</subfield>
    <subfield code="3">IT\ICCU\CNCA\020256</subfield>
    <subfield code="z">Isocrates</subfield>
  </datafield>
  <datafield tag="790" ind1=" " ind2="0">
    <subfield code="a">Isocrates</subfield>
    <subfield code="c"> : Atheniensis</subfield>
    <subfield code="3">IT\ICCU\CNCA\020257</subfield>
    <subfield code="z">Isocrates</subfield>
  </datafield>
  <datafield tag="801" ind1=" " ind2="3">
    <subfield code="a">IT</subfield>
    <subfield code="b">ICCU</subfield>
    <subfield code="c">20201115</subfield>
  </datafield>
  <datafield tag="899" ind1=" " ind2=" ">
    <subfield code="a">Biblioteca statale. Cremona</subfield>
    <subfield code="1">CR0062</subfield>
    <subfield code="2">LO1 28</subfield>
  </datafield>
  <datafield tag="899" ind1=" " ind2=" ">
    <subfield code="a">Biblioteca nazionale centrale. Roma</subfield>
    <subfield code="1">RM0267</subfield>
    <subfield code="2">BVE CR</subfield>
  </datafield>
  <datafield tag="899" ind1=" " ind2=" ">
    <subfield code="a">Biblioteca Reale. Torino</subfield>
    <subfield code="1">TO0263</subfield>
    <subfield code="2">TO0 07</subfield>
  </datafield>
  <datafield tag="899" ind1=" " ind2=" ">
    <subfield code="a">Biblioteca Querini Stampalia. Venezia</subfield>
    <subfield code="1">VE0047</subfield>
    <subfield code="2">VEA QS</subfield>
  </datafield>
</record>
</collection>
